% Encoding: UTF-8
@Misc{p1,
 title = {[Электронный ресурс] WxPython - краткий курс обучения},
 url = {http://www.larionov.mytomsk.ru/translate/wx.pdf},
 urldate = {2024-03-01}
}
@Misc{p2,
 title = {[Электронный ресурс] Руководство по языку программирования Python},
 url = {https://metanit.com/python/tutorial/},
 urldate = {2024-03-01}
}
@Misc{p3,
 title = {[Электронный ресурс] Самоучитель Python Выпуск 0.2},
 url = {http://server.aesc.msu.ru/materials/PYTHON/pythonworldru.pdf},
 urldate = {2024-03-01}
}
@Misc{p4,
 title = {[Электронный ресурс] Википедия — Морской бой (игра)},
 url = {https://ru.wikipedia.org/wiki/Морской_бой_(игра)},
 urldate = {2024-03-01}
}
@Misc{p5,
 title = {[Электронный ресурс] Оптимальный алгоритм игры в морской бой},
 url = {https://habr.com/ru/articles/180995/},
 urldate = {2024-03-01}
}
@Comment{jabref-meta: databaseType:biblatex;}